@article{lin2014light,
  title={Light 4 Verbs},
  author={Lin, T-H Jonah},
  journal={The handbook of {C}hinese linguistics},
  pages={73},
  year={2014},
  publisher={John Wiley \& Sons}
}

@article{lakoff1980conceptual,
  title={Conceptual metaphor in everyday language},
  author={Lakoff, George and Johnson, Mark},
  journal={The {J}ournal of Philosophy},
  volume={77},
  number={8},
  pages={453--486},
  year={1980},
  publisher={JSTOR},
  doi = {https://doi.org/10.2307/2025464}
}

@article{geach1962reference,
  title={Reference and generality: {A}n examination of some medieval and modern theories},
  author={Geach, Peter Thomas},
  year={1962},
  doi = {https://10.2307/2217604}
}

@article{mahlberg2021language,
  title={Language and {C}ovid-19: {C}orpus linguistics and the social reality of the pandemic}, 
  % title的輸出預設只會將第一個字母大寫只會將第一個字母大寫，所以如果發現title裡面有不是在第一個字的大寫，請用{}把它括起來。
  author={Mahlberg, Michaela and Brookes, Gavin},
  journal={International Journal of Corpus Linguistics},
  volume={26},
  number={4},
  pages={441--443},
  year={2021},
  doi={https://doi.org/10.1075/ijcl.00043.mah}
}

@article{hyland2021covid,
  title={The {C}ovid infodemic: competition and the hyping of virus research},
  author={Hyland, Ken and Jiang, Feng Kevin},
  journal={International Journal of Corpus Linguistics},
  volume={26},
  number={4},
  pages={444--468},
  year={2021},
  publisher={John Benjamins},
  doi={https://doi.org/10.1075/ijcl.20160.hyl}
}

@article{curry2021stance,
  title={Stance nouns in {COVID}-19 related blog posts: {A} contrastive analysis of blog posts published in {T}he {C}onversation in {S}pain and the {UK}},
  author={Curry, Niall and P{\'e}rez-Paredes, Pascual}, %大部分情況下google在生成bibtex的時候就會幫我們做好重音的轉換，但如果你發現它沒有做的話，請向上面這行一樣，在要標重音的字母前面加上\'並用{}把它們包起來。另外一種請況請移步到第66行。
  journal={International Journal of Corpus Linguistics},
  volume={26},
  number={4},
  pages={469--497},
  year={2021},
  publisher={John Benjamins},
  doi={https://doi.org/10.1075/ijcl.21080.cur}
}

@article{muller2021communicating,
  title={Communicating the unknown: {A}n interdisciplinary annotation study of uncertainty in the coronavirus pandemic},
  author={M{\"u}ller, Marcus and Bartsch, Sabine and Zinn, Jens O},%在字母上面加兩點的方法是在字母前面加上\"，然後把它用{}包起來
  journal={International Journal of Corpus Linguistics},
  volume={26},
  number={4},
  pages={498--531},
  year={2021},
  publisher={John Benjamins},
  doi={https://doi.org/10.1075/ijcl.21096.mul}
}

@article{dong2021discourse,
  title={A discourse dynamics exploration of attitudinal responses towards {COVID}-19 in academia and media},
  author={Dong, Jihua and Buckingham, Louisa and Wu, Hao},
  journal={International Journal of Corpus Linguistics},
  volume={26},
  number={4},
  pages={532--556},
  year={2021},
  publisher={John Benjamins},
  doi={https://doi.org/10.1075/ijcl.21103.don}
}

@article{mcglashan2021networked,
  title={Networked discourses of bereavement in online {COVID}-19 memorials},
  author={McGlashan, Mark},
  journal={International Journal of Corpus Linguistics},
  volume={26},
  number={4},
  pages={557--582},
  year={2021},
  publisher={John Benjamins},
  doi={https://doi.org/10.1075/ijcl.21135.mcg}
}